@misc{TIMIT,
author = {Massachusetts Institute of Technology and SRI International and Texas Instrument, Inc.},
title = {TIMIT Acoustic-Phonetic Continuous Speech Corpus},
year = {1993},
note = {data retrieved from Linguistic Data Consortium, \url{https://catalog.ldc.upenn.edu/LDC93S1}}
}


@misc{TIMIT_Utils,
author = {Colin Prepscius},
title = {timit Utility Library},
year = {2018},
note = {data retrieved from Colin Prepscius' Github, \url{https://github.com/colinator/timit_utils/blob/master}}
}